%% This BibTeX bibliography file was created using BibDesk.
%% http://bibdesk.sourceforge.net/

%% Created for sundaymouse at 2017-10-02 01:10:23 +0100 


%% Saved with string encoding Unicode (UTF-8) 



@article{dixon2016network,
	Author = {Dixon, Lucas and others},
	Date-Added = {2017-10-02 00:10:17 +0000},
	Date-Modified = {2017-10-02 00:10:23 +0000},
	Journal = {IEEE Security \& Privacy},
	Number = {6},
	Pages = {43--53},
	Publisher = {IEEE},
	Title = {Network Traffic Obfuscation and Automated Internet Censorship},
	Volume = {14},
	Year = {2016}}

@url{encrypted-web,
	Author = {Gennie Gebhart},
	Date-Added = {2017-10-02 00:03:52 +0000},
	Date-Modified = {2017-10-02 00:04:48 +0000},
	Lastchecked = {Oct 2, 2017},
	Title = {We're Halfway to Encrypting the Entire Web},
	Url = {https://www.eff.org/deeplinks/2017/02/were-halfway-encrypting-entire-web},
	Urldate = {Oct 2, 2017},
	Year = {2017}}

@inproceedings{houmansadr2013parrot,
	Author = {Houmansadr, Amir and others},
	Booktitle = {Security and Privacy (SP), 2013 IEEE Symposium on},
	Date-Added = {2017-10-01 23:23:06 +0000},
	Date-Modified = {2017-10-01 23:23:11 +0000},
	Organization = {IEEE},
	Pages = {65--79},
	Title = {The parrot is dead: Observing unobservable network communications},
	Year = {2013}}

@article{tan2015towards,
	Author = {Qingfeng Tan and others},
	Date-Added = {2017-10-01 23:17:23 +0000},
	Date-Modified = {2017-10-01 23:17:23 +0000},
	Eid = {2373},
	Journal = {Journal of Computer Research and Development},
	Number = {10},
	Numpages = {8},
	Pages = {2373},
	Publisher = {Journal of Computer Research and Development},
	Title = {Towards Measuring Unobservability in Anonymous Communication Systems},
	Volume = {52},
	Year = {2015}}

@inproceedings{dyer2013protocol,
	Author = {Dyer, Kevin P and others},
	Booktitle = {{Proceedings of the 2013 ACM SIGSAC conference on Computer \& communications security}},
	Date-Added = {2017-10-01 23:08:14 +0000},
	Date-Modified = {2017-10-01 23:08:14 +0000},
	Organization = {ACM},
	Pages = {61--72},
	Title = {Protocol misidentification made easy with format-transforming encryption},
	Year = {2013}}

@inproceedings{winter2013scramblesuit,
	Author = {Winter, Philipp and others},
	Booktitle = {{Proceedings of the 12th ACM workshop on Workshop on privacy in the electronic society}},
	Date-Added = {2017-10-01 23:08:14 +0000},
	Date-Modified = {2017-10-01 23:08:14 +0000},
	Organization = {ACM},
	Pages = {213--224},
	Title = {ScrambleSuit: A polymorphic network protocol to circumvent censorship},
	Year = {2013}}

@article{bujlow2015independent,
	Author = {Bujlow, Tomasz and others},
	Date-Added = {2017-09-29 19:38:51 +0000},
	Date-Modified = {2017-09-29 19:38:59 +0000},
	Journal = {Computer Networks},
	Pages = {75--89},
	Publisher = {Elsevier},
	Title = {Independent comparison of popular DPI tools for traffic classification},
	Volume = {76},
	Year = {2015}}

@inproceedings{wang2015seeing,
	Author = {Wang, Liang and others},
	Booktitle = {Proceedings of the 22nd ACM SIGSAC Conference on Computer and Communications Security},
	Date-Added = {2017-09-29 19:25:13 +0000},
	Date-Modified = {2017-09-29 19:25:19 +0000},
	Organization = {ACM},
	Pages = {57--69},
	Title = {Seeing through network-protocol obfuscation},
	Year = {2015}}

@article{fifield2015blocking,
	Author = {Fifield, David and others},
	Date-Added = {2017-09-29 19:18:55 +0000},
	Date-Modified = {2017-09-29 19:19:00 +0000},
	Journal = {Proceedings on Privacy Enhancing Technologies},
	Number = {2},
	Pages = {46--64},
	Title = {Blocking-resistant communication through domain fronting},
	Volume = {2015},
	Year = {2015}}

@article{khattak2014systemization,
	Author = {Khattak, Sheharbano and others},
	Date-Added = {2017-09-29 19:10:38 +0000},
	Date-Modified = {2017-09-29 19:11:01 +0000},
	Journal = {arXiv:1412.7448},
	Title = {Systemization of pluggable transports for censorship resistance},
	Year = {2014}}
